
@book{Han,
 author = {Han, Jiawei and Kamber, Micheline and Pei, Jian},
 title = {Data Mining: Concepts and Techniques},
 year = {2011},
 isbn = {0123814790, 9780123814791},
 edition = {3rd},
 publisher = {Morgan Kaufmann Publishers Inc.},
 address = {San Francisco, CA, USA},
} 

@book{MMD,
 author = {Rajaraman, Anand and Ullman, Jeffrey David},
 title = {Mining of Massive Datasets},
 year = {2011},
 isbn = {1107015359, 9781107015357},
 publisher = {Cambridge University Press},
 address = {New York, NY, USA},
} 

@book{ml,
 author = {Vapnik, Vladimir N.},
 title = {The Nature of Statistical Learning Theory},
 year = {1995},
 isbn = {0-387-94559-8},
 publisher = {Springer-Verlag New York, Inc.},
 address = {New York, NY, USA},
} 

@INPROCEEDINGS{bigdata,
author={A. Katal and M. Wazid and R. H. Goudar},
booktitle={2013 Sixth International Conference on Contemporary Computing (IC3)},
title={Big data: Issues, challenges, tools and Good practices},
year={2013},
volume={},
number={},
pages={404-409},
keywords={data handling;distributed databases;public domain software;Hadoop tool;big data complexity;big data technology;big data value;big data variability;big data variety;big data velocity;big data volume;business organizations;data size;Data handling;Data storage systems;Databases;File systems;Information management;Media;Big data;Hadoop;Hadoop Distributed File System;MapReduce},
doi={10.1109/IC3.2013.6612229},
ISSN={},
month={Aug},}

@article{dataquality,
url = {http://dx.doi.org/10.1561/1900000045},
year = {2015},
volume = {14},
journal = {Data Science Journal},
title = {The Challenges of Data Quality and Data Quality Assessment in the Big Data Era},
doi = {10.5334/dsj-2015-002},
number = {2},
pages = {1-10},
author = { Li Cai and Yangyong Zhu }
}

@inproceedings{datacleaning,
 author = {Chu, Xu and Ilyas, Ihab F. and Krishnan, Sanjay and Wang, Jiannan},
 title = {Data Cleaning: Overview and Emerging Challenges},
 booktitle = {Proceedings of the 2016 International Conference on Management of Data},
 series = {SIGMOD '16},
 year = {2016},
 isbn = {978-1-4503-3531-7},
 location = {San Francisco, California, USA},
 pages = {2201--2206},
 numpages = {6},
 url = {http://doi.acm.org/10.1145/2882903.2912574},
 doi = {10.1145/2882903.2912574},
 acmid = {2912574},
 publisher = {ACM},
 address = {New York, NY, USA},
 keywords = {data cleaning, data quality, integrity constraints, sampling, statistical cleaning},
} 

@article{scikit-learn,
 title={Scikit-learn: Machine Learning in {P}ython},
 author={Pedregosa, F. and Varoquaux, G. and Gramfort, A. and Michel, V.
         and Thirion, B. and Grisel, O. and Blondel, M. and Prettenhofer, P.
         and Weiss, R. and Dubourg, V. and Vanderplas, J. and Passos, A. and
         Cournapeau, D. and Brucher, M. and Perrot, M. and Duchesnay, E.},
 journal={Journal of Machine Learning Research},
 volume={12},
 pages={2825--2830},
 year={2011}
}

@article{DBS-045,
url = {http://dx.doi.org/10.1561/1900000045},
year = {2015},
volume = {5},
journal = {Foundations and TrendsÂ® in Databases},
title = {Trends in Cleaning Relational Data: Consistency and Deduplication},
doi = {10.1561/1900000045},
issn = {1931-7883},
number = {4},
pages = {281-393},
author = {Ihab F. Ilyas and Xu Chu}
}

@inproceedings{PW,
 author = {Raman, Vijayshankar and Hellerstein, Joseph M.},
 title = {Potter's Wheel: An Interactive Data Cleaning System},
 booktitle = {Proceedings of the 27th International Conference on Very Large Data Bases},
 series = {VLDB '01},
 year = {2001},
 isbn = {1-55860-804-4},
 pages = {381--390},
 numpages = {10},
 url = {http://dl.acm.org/citation.cfm?id=645927.672045},
 acmid = {672045},
 publisher = {Morgan Kaufmann Publishers Inc.},
 address = {San Francisco, CA, USA},
} 

@book{pyspark,
 author = {Nandi, Amit},
 title = {Spark for Python Developers},
 year = {2015},
 isbn = {1784399698, 9781784399696},
 publisher = {Packt Publishing},
} 

@article{mapreduce,
 author = {Dean, Jeffrey and Ghemawat, Sanjay},
 title = {MapReduce: Simplified Data Processing on Large Clusters},
 journal = {Commun. ACM},
 issue_date = {January 2008},
 volume = {51},
 number = {1},
 month = jan,
 year = {2008},
 issn = {0001-0782},
 pages = {107--113},
 numpages = {7},
 url = {http://doi.acm.org/10.1145/1327452.1327492},
 doi = {10.1145/1327452.1327492},
 acmid = {1327492},
 publisher = {ACM},
 address = {New York, NY, USA},
} 

@book{hadoop,
 author = {White, Tom},
 title = {Hadoop: The Definitive Guide},
 year = {2009},
 isbn = {0596521979, 9780596521974},
 edition = {1st},
 publisher = {O'Reilly Media, Inc.},
} 

@inproceedings{gfs,
 author = {Ghemawat, Sanjay and Gobioff, Howard and Leung, Shun-Tak},
 title = {The Google File System},
 booktitle = {Proceedings of the Nineteenth ACM Symposium on Operating Systems Principles},
 series = {SOSP '03},
 year = {2003},
 isbn = {1-58113-757-5},
 location = {Bolton Landing, NY, USA},
 pages = {29--43},
 numpages = {15},
 url = {http://doi.acm.org/10.1145/945445.945450},
 doi = {10.1145/945445.945450},
 acmid = {945450},
 publisher = {ACM},
 address = {New York, NY, USA},
 keywords = {clustered storage, data storage, fault tolerance, scalability},
} 

@inproceedings{spark,
 author = {Zaharia, Matei and Chowdhury, Mosharaf and Franklin, Michael J. and Shenker, Scott and Stoica, Ion},
 title = {Spark: Cluster Computing with Working Sets},
 booktitle = {Proceedings of the 2Nd USENIX Conference on Hot Topics in Cloud Computing},
 series = {HotCloud'10},
 year = {2010},
 location = {Boston, MA},
 pages = {10--10},
 numpages = {1},
 url = {http://dl.acm.org/citation.cfm?id=1863103.1863113},
 acmid = {1863113},
 publisher = {USENIX Association},
 address = {Berkeley, CA, USA},
} 

@book{numpy,
 author = {Oliphant, Travis E.},
 title = {Guide to NumPy},
 year = {2015},
 isbn = {151730007X, 9781517300074},
 edition = {2nd},
 publisher = {CreateSpace Independent Publishing Platform},
 address = {USA},
} 

@article{pandas,
title={pandas: a Foundational Python Library for Data Analysis and Statistics},
author={McKinney, Wes}
}

@book{nltk,
 author = {Bird, Steven and Klein, Ewan and Loper, Edward},
 title = {Natural Language Processing with Python},
 year = {2009},
 isbn = {0596516495, 9780596516499},
 edition = {1st},
 publisher = {O'Reilly Media, Inc.},
} 

@online{Optimus,
  author = {Iron},
  title = {Optimus},
  year = 2018,
  url = {https://github.com/ironmussa/Optimus},
}

@InProceedings{dask,
  author    = { Matthew Rocklin },
  title     = { Dask: Parallel Computation with Blocked algorithms and Task Scheduling },
  booktitle = { Proceedings of the 14th Python in Science Conference },
  pages     = { 130 - 136 },
  year      = { 2015 },
  editor    = { Kathryn Huff and James Bergstra }
}

@online{SparklingPandas,
  author = {Holden Karau and Juliet Hougland},
  title = {SparklingPandas},
  year = 2015,
  url = {https://github.com/sparklingpandas/sparklingpandas},
}
@online{nycopendata1,
  author = {NYC government},
  title = {NYC OpenData},
  year = 2018,
  url = {https://data.cityofnewyork.us/Social-Services/311-Service-Requests-from-2010-to-Present/erm2-nwe9},
}
@online{nycopendata2,
  author = {NYC government},
  title = {NYC OpenData},
  year = 2018,
  url = {https://data.cityofnewyork.us/Housing-Development/DOB-Permit-Issuance/ipu4-2q9a/data},
}
@online{nycopendata3,
  author = {NYC government},
  title = {NYC OpenData},
  year = 2018,
  url = {https://data.cityofnewyork.us/Housing-Development/DOB-Job-Application-Filings/ic3t-wcy2},
}